%% This BibTeX bibliography file was created using BibDesk.
%% https://bibdesk.sourceforge.io/

%% Created for 中野 広樹 at 2025-03-24 18:30:18 +0900 


%% Saved with string encoding Unicode (UTF-8) 



@mastersthesis{uec.ac.jp:sotsuron_example,
	author = {{{電通 太郎}}},
	date-added = {2025-03-24 18:28:11 +0900},
	date-modified = {2025-03-24 18:29:15 +0900},
	school = {電気通信大学},
	title = {卒業論文例},
	type = {卒業論文},
	year = {2025},
	bdsk-file-1 = {YnBsaXN0MDDSAQIDBFxyZWxhdGl2ZVBhdGhYYm9va21hcmtfECQuLi8uLi9SZWZlcmVuY2VzL3NvdHN1cm9uX3N1enVraS5wZGZPEQRAYm9va0AEAAAAAAQQMAAAAAAAAAAAAAAAAAAAAAAAAAAAAAAAAAAAAAAAAAAAAAAAMAMAAAUAAAABAQAAVXNlcnMAAAAGAAAAAQEAAGhpcm9raQAACQAAAAEBAABEb2N1bWVudHMAAAAHAAAAAQEAAFVFQ1RlbXAACgAAAAEBAABSZWZlcmVuY2VzAAATAAAAAQEAAHNvdHN1cm9uX3N1enVraS5wZGYAGAAAAAEGAAAEAAAAFAAAACQAAAA4AAAASAAAAFwAAAAIAAAABAMAAB1CAAAAAAAACAAAAAQDAACnEAQAAAAAAAgAAAAEAwAAlYYfAAAAAAAIAAAABAMAAIpmHgAAAAAACAAAAAQDAABzdx4AAAAAAAgAAAAEAwAA5nceAAAAAAAYAAAAAQYAAJgAAACoAAAAuAAAAMgAAADYAAAA6AAAAAgAAAAABAAAQcYDaL4AAAAYAAAAAQIAAAEAAAAAAAAADwAAAAAAAAAAAAAAAAAAAAgAAAAEAwAABAAAAAAAAAAEAAAAAwMAAPUBAAAIAAAAAQkAAGZpbGU6Ly8vDAAAAAEBAABNYWNpbnRvc2ggSEQIAAAABAMAAABQoRtzAAAACAAAAAAEAABBxrzVhQAAACQAAAABAQAARUJFMDVBMEUtQUQ3OS00REUxLUEzNjctNDUzMjhFOEUwMkE2GAAAAAECAACBAAAAAQAAAO8TAAABAAAAAAAAAAAAAAABAAAAAQEAAC8AAAAAAAAAAQUAABoAAAABAQAATlNVUkxEb2N1bWVudElkZW50aWZpZXJLZXkAAAQAAAADAwAAzwEAAPAAAAABAgAAMzQ5ZjVjNWEwN2VjYzBlM2FjNjk5ZjQ2ZmI4ODlhMTkyMGZiYTY2OWU4NTRkMGE4NThhMTcwZDA3MDZkMmRiMjswMDswMDAwMDAwMDswMDAwMDAwMDswMDAwMDAwMDswMDAwMDAwMDAwMDAwMDIwO2NvbS5hcHBsZS5hcHAtc2FuZGJveC5yZWFkLXdyaXRlOzAxOzAxMDAwMDBlOzAwMDAwMDAwMDAxZTc3ZTY7NGY7L3VzZXJzL2hpcm9raS9kb2N1bWVudHMvdWVjdGVtcC9yZWZlcmVuY2VzL3NvdHN1cm9uX3N1enVraS5wZGYA2AAAAP7///8BAAAAAAAAABEAAAAEEAAAeAAAAAAAAAAFEAAA+AAAAAAAAAAQEAAAKAEAAAAAAABAEAAAGAEAAAAAAAACIAAA9AEAAAAAAAAFIAAAZAEAAAAAAAAQIAAAdAEAAAAAAAARIAAAqAEAAAAAAAASIAAAiAEAAAAAAAATIAAAmAEAAAAAAAAgIAAA1AEAAAAAAAAwIAAAAAIAAAAAAAABwAAASAEAAAAAAAARwAAAFAAAAAAAAAASwAAAWAEAAAAAAACA8AAAOAIAAAAAAAAIAgCALAIAAAAAAAAACAANABoAIwBKAAAAAAAAAgEAAAAAAAAABQAAAAAAAAAAAAAAAAAABI4=},
	bdsk-url-1 = {https://www.ils.uec.ac.jp/yellow/2023y/YB/suzukiIY.pdf}}

@article{bib-example,
	author = {{{電通 太郎}}},
	date-added = {2025-03-24 18:23:05 +0900},
	date-modified = {2025-03-24 18:27:22 +0900},
	journal = {Proceedings of the GAKKAI},
	number = {11},
	pages = {20-30},
	title = {参考文献の例},
	volume = {015},
	year = {1192}}
